<?xml version="1.0" encoding="UTF-8" ?>
<record Numero="13908485" format="InterXMarc_Complet" type="Authority">
<leader>01261c0 au22000272  45  <Pos Code="0004">01261</Pos>
<Pos Code="05" Sens="notice modifiée">c</Pos>
<Pos Code="06" Sens="notice validée par les services d&apos;autorité">0</Pos>
<Pos Code="08" Sens="notice d&apos;autorité">a</Pos>
<Pos Code="09" Sens="titre uniforme musical (TUM)">u</Pos>
<Pos Code="10">2</Pos>
<Pos Code="11">2</Pos>
<Pos Code="1216">00027</Pos>
<Pos Code="17" Sens="autres cas">2</Pos>
<Pos Code="20">4</Pos>
<Pos Code="21">5</Pos>
</leader>
<controlfield tag="001">FRBNF139084857<Pos Code="0001">FR</Pos>
<Pos Code="0204">BNF</Pos>
<Pos Code="0512">13908485</Pos>
<Pos Code="13">7</Pos>
</controlfield>
<controlfield tag="008">890821130221yy    sy        183401    18340622               010 <Pos Code="0001">89</Pos>
<Pos Code="0203">08</Pos>
<Pos Code="0405">21</Pos>
<Pos Code="0607">13</Pos>
<Pos Code="0809">02</Pos>
<Pos Code="1011">21</Pos>
<Pos Code="1213" Sens="ne s&apos;applique pas">yy</Pos>
<Pos Code="1820">sy </Pos>
<Pos Code="2831">1834</Pos>
<Pos Code="3233">01</Pos>
<Pos Code="3841">1834</Pos>
<Pos Code="4243">06</Pos>
<Pos Code="4445">22</Pos>
<Pos Code="61" Sens="La vedette peut être liée à une notice bibliographique pour les accès signalétiques et/ou pour l&apos;accès matière RAMEAU">0</Pos>
<Pos Code="62" Sens="La vedette ne peut s&apos;employer qu&apos;en tête de vedette">1</Pos>
<Pos Code="63" Sens="La vedette n&apos;admet pas de subdivision géographique">0</Pos>
</controlfield>
<datafield tag="048" ind1=" " ind2=" ">
	<subfield code="b">sb01<Pos Code="0001" Sens="cordes frottées - alto">sb</Pos>
<Pos Code="02">0</Pos>
<Pos Code="03">1</Pos>
</subfield>
	<subfield code="a">oa01<Pos Code="0001" Sens="orchestre - orchestre symphonique XIXe-XXe s.">oa</Pos>
<Pos Code="02">0</Pos>
<Pos Code="03">1</Pos>
</subfield>
</datafield>
<datafield tag="100" ind1=" " ind2=" ">
	<subfield code="3">13891412</subfield>
	<subfield code="w">.0..b.....</subfield>
	<subfield code="a">Berlioz</subfield>
	<subfield code="m">Hector</subfield>
	<subfield code="d">1803-1869</subfield>
</datafield>
<datafield tag="144" ind1="1" ind2=" ">
	<subfield code="w">....b.fre.</subfield>
	<subfield code="a">Harold en Italie</subfield>
	<subfield code="k">H 68</subfield>
</datafield>
<datafield tag="301" ind1=" " ind2=" ">
	<subfield code="3">13918439</subfield>
	<subfield code="a">Liszt</subfield>
	<subfield code="m">Franz</subfield>
	<subfield code="d">1811-1886</subfield>
	<subfield code="t">[Transcriptions. Berlioz, Hector. Harold en Italie, op. 16. Marche des pélerins. Piano. LW A29]</subfield>
</datafield>
<datafield tag="301" ind1="2" ind2=" ">
	<subfield code="3">13918438</subfield>
	<subfield code="a">Liszt</subfield>
	<subfield code="m">Franz</subfield>
	<subfield code="d">1811-1886</subfield>
	<subfield code="t">[Transcriptions. Berlioz, Hector. Harold en Italie. H 68. Alto, piano. LW D5]</subfield>
</datafield>
<datafield tag="444" ind1="1" ind2=" ">
	<subfield code="w">....b.fre.</subfield>
	<subfield code="a">Harold en Italie</subfield>
	<subfield code="p">Op. 16</subfield>
</datafield>
<datafield tag="600" ind1=" " ind2=" ">
	<subfield code="a">Symphonie en 4 parties avec alto principal, d&apos;après George Gordon Byron (&quot;Childe Harold&quot;)</subfield>
	<subfield code="a">Dédicace à Humbert Ferrand</subfield>
	<subfield code="a">Dates de composition : janvier-22 juin 1834</subfield>
	<subfield code="a">1re exécution : Paris, salle du Conservatoire, 23 novembre 1834</subfield>
	<subfield code="a">1re éd. : Paris : Brandus et Cie, [1848]</subfield>
</datafield>
<datafield tag="600" ind1=" " ind2=" ">
	<subfield code="a">Comprend : 1, &quot;Harold aux montagnes. Scènes de mélancolie, de bonheur, et de joie&quot; ; 2, &quot;Marche de pèlerins chantant la prière du soir&quot; ; 3, &quot;Sérénade d&apos;un montagnard des Abruzzes à sa maîtresse&quot; ; 4, &quot;Orgie de brigands. Souvenirs des scènes précédentes&quot;</subfield>
</datafield>
<datafield tag="610" ind1=" " ind2=" ">
	<subfield code="a">Holoman, Berlioz</subfield>
</datafield>
<datafield tag="610" ind1=" " ind2=" ">
	<subfield code="a">Grove 6</subfield>
</datafield>
<datafield tag="624" ind1=" " ind2=" ">
	<subfield code="a">780<Pos Code="0002" Sens="Musique">780</Pos>
</subfield>
</datafield>
<datafield tag="917" ind1=" " ind2=" ">
	<subfield code="o">OPC</subfield>
	<subfield code="a">100369310</subfield>
</datafield>
<datafield tag="917" ind1=" " ind2=" ">
	<subfield code="o">OPD</subfield>
	<subfield code="a">100698870</subfield>
	<subfield code="b">AMA</subfield>
</datafield>
<datafield tag="917" ind1=" " ind2=" ">
	<subfield code="o">OPD</subfield>
	<subfield code="a">100257620</subfield>
	<subfield code="b">ATUM</subfield>
</datafield>
<datafield tag="996" ind1=" " ind2=" ">
	<subfield code="o">OPP</subfield>
	<subfield code="a">14802255</subfield>
	<subfield code="d">20060505</subfield>
</datafield>
<datafield tag="996" ind1=" " ind2=" ">
	<subfield code="o">OPP</subfield>
	<subfield code="a">16303351</subfield>
	<subfield code="d">20130221</subfield>
</datafield>
<Attr Nom="IDPerenne">ark:/12148/cb13908485c</Attr>
<Attr Nom="NumSource">OPC 100369310</Attr>
<Attr Nom="Source" Sens="BnF catalogue général (depuis 1999)">A</Attr>
<Attr Nom="NumAutoriteLiee">138914121391843913918438</Attr>
<Attr Nom="DateCreation">21/08/ 1989</Attr>
<Attr Nom="ResponsableCreation">MIGV2</Attr>
<Attr Nom="StructCreation">1</Attr>
<Attr Nom="DateDerniereValidation">21/02/ 2013</Attr>
<Attr Nom="ResponsableDerniereValidation">SERRES CATHERINE</Attr>
<Attr Nom="StructPremiereValidation">1</Attr>
<Attr Nom="DatePremiereValidation">21/08/ 1989</Attr>
<Attr Nom="ResponsablePremiereValidation">MIGV2</Attr>
<Attr Nom="StructDerniereValidation">82</Attr>
<Attr Nom="NumSource" Rep="1">OPD 100698870</Attr>
<Attr Nom="NumSource" Rep="2">OPD 100257620</Attr>
<Attr Nom="NumSource" Rep="3">OPP 14802255</Attr>
<Attr Nom="NumSource" Rep="4">OPP 16303351</Attr>
</record>
